2573 4556
461 224 544 286 10

459 399 688 470 fuisse.
751 402 1064 489 Duplicis
1108 411 1340 468 autem
1383 404 1809 469 necessitatis
1862 403 2084 487 magis
2134 403 2461 471 minusve

460 511 779 574 distincte
822 509 1135 593 pluribus⁸
1161 507 1331 601 locis
1362 513 1780 574 mentionem
1812 504 1970 573 facit
2001 506 2410 573 Aristoteles
2435 528 2459 573 z

460 637 801 701 nusquam
855 635 1051 691 vero,
1105 618 1289 701 quod
1336 618 1546 680 sciam
1573 616 1612 696 ,ἶ
1656 613 1956 680 inlibris
2003 618 2124 701 qui
2154 624 2463 695 exstant,

388 720 395 729 ’
459 725 842 803 accuratius
898 724 982 786 de
1037 743 1114 787 ea
1167 725 1331 808 agit.
1374 725 1460 800 ¹0)
1547 720 2006 787 verisimilius
2080 722 2249 785 mihi
2303 740 2466 786 esse

461 830 760 909 videtur,
812 850 968 893 eum
1004 831 1079 892 iu
1106 830 1211 892 his
1238 832 1437 893 sicuti
1466 832 1542 892 in
1558 827 1713 892 aliis
1730 830 2143 913 quibusdam
2165 827 2335 893 locis
2360 826 2460 896 ¹¹)

469 944 592 1000 aut
638 932 852 1001 libros
888 939 973 1000 tle
995 939 1210 1017 prima
1243 934 1664 1016 philosophia
1702 939 2128 1019 conscriptos
2164 944 2286 1000 aut
2317 930 2468 1000 dis-

459 1045 858 1126 putationes
899 1045 980 1108 de
1023 1061 1101 1106 ea
1138 1040 1411 1106 habitae
1464 1039 1851 1122 significare
1869 1041 2204 1111 voluisse.
2246 1041 2469 1123 Quod

376 1131 381 1136 ’
462 1169 631 1217 vero
662 1151 754 1213 ad*
781 1148 1134 1215 Ciceronis
1176 1150 1266 1225 ¹²>
1300 1158 1369 1222 et
1395 1147 1728 1234 Diogenis
1764 1149 2021 1212 Laertii
2051 1151 2456 1216 testimonia

456 1261 743 1337 attinet,
815 1260 885 1319 in
931 1259 1142 1322 dubio
1191 1255 1508 1343 relinquo
1528 1273 1562 1335 ‚·
1618 1263 1852 1318 utrum
1910 1255 2332 1343 Aristoteles¹
2387 1260 2469 1321 in

402 1416 410 1425 .
458 1384 601 1428 uuo
653 1365 1029 1447 eodemque
1075 1365 1159 1426 de
1203 1361 1646 1448 philosophia
1681 1354 1826 1428 sive
1861 1365 2070 1429 Bono·
2097 1385 2347 1448 opere,
2399 1374 2474 1428 et

444 1472 761 1534 doctoris
811 1479 880 1535 et
926 1473 1204 1555 propria
1266 1471 1590 1554 dogmata
1647 1480 2043 1549 persecutus
2071 1469 2314 1552 fuerit,
2371 1492 2473 1535 an

462 1577 649 1660 quae'
691 1572 794 1638 illi
849 1585 1167 1641 auctores
1231 1587 1668 1659 memorant,
1708 1581 1782 1641 in
1834 1575 2029 1641 libris
2097 1579 2182 1641 de
2234 1580 2470 1663 prima

460 1681 916 1766 Philosophia
974 1692 1306 1753 contenta
1360 1680 1654 1766 fuerint,
1701 1703 1987 1771 quorum
2016 1693 2275 1769 partem
2311 1693 2472 1748 tan-

458 1799 607 1854 tum
646 1786 922 1854 fortuna
958 1792 1163 1856 nobis
1194 1812 1343 1857 non
1374 1792 1708 1859 invidisse
1746 1792 2041 1859 videtur.
2099 1790 2470 1857 Utramvis

465 1899 870 1983 opinionem
909 1897 1384 1987 amplectaris,
1425 1898 1710 1963 habebis
1744 1919 1881 1984 quo
1922 1917 2074 1962 eam
2118 1894 2476 1968 defendas·

468 2001 611 2067 Cur
648 2006 833 2066 enim
863 2008 1142 2092 propria
1190 2006 1273 2069 de
1318 2004 1474 2070 Deo
1506 2004 1758 2089 placita
1802 2008 1875 2068 in
1911 2004 2106 2068 libris
2142 2005 2226 2067 de
2265 2005 2476 2069 Bono

461 2128 609 2173 non
674 2109 1589 2194 exposue1·it‚AristoteleS,
1654 2132 1810 2176 cum
1872 2110 2224 2176 dialectice
2270 2114 2477 2176 iniis
2543 2124 2544 2127 ’

471 2218 932 2303 disputaverit
983 2215 1066 2281 de
1120 2216 1528 2286 contrariis?
1571 2217 1680 2284 Ad
1711 2219 1921 2288 verba
1960 2216 2357 2285 Aristotelis
2392 2221 2479 2283 in

616 2425 717 2496 10)
775 2426 933 2488 Quae
981 2426 1227 2481 maxime
1290 2424 1507 2479 faciunt
1561 2424 1631 2479 ati
1687 2426 1874 2480 locum
1915 2427 1977 2481 in
2021 2429 2059 2482 1.
2098 2427 2166 2480 de
2210 2428 2477 2498 partibus

469 2507 721 2575 Animal.
751 2520 1199 2593 explicandum,
1250 2517 1516 2587 ieguntur
1551 2521 1613 2573 in
1637 2519 1957 2591 Analyticis
1993 2522 2347 2593 posteriorib.
2384 2522 2468 2594 ΙΙ,

472 2614 545 2667 11
596 2622 654 2666 et
704 2613 843 2666 haec
897 2624 1066 2668 sunt:
1105 2617 1142 2680 ἡ
1182 2613 1458 2682 δ’ἀνάγκη
1498 2613 1686 2677 διττὴ·
1726 2617 1763 2679 ἡ
1804 2619 1909 2684 μὲν
1946 2618 2055 2693 γὰρ
2093 2620 2253 2672 κατὰ
2288 2621 2473 2685 φύσιν

467 2712 573 2762 καὶ
608 2711 718 2773 τὴν
757 2709 963 2785 ὁρμὴν·
1004 2710 1040 2774 ἡ
1079 2705 1142 2762 δὲ
1181 2708 1358 2775 ’βιαία
1393 2711 1429 2774 ὴ
1468 2711 1631 2786 παρὰ
1665 2712 1774 2782 τὴν
1799 2711 2006 2786 ὁρμήν·
2032 2708 2213 2788 ὥσπερ
2243 2714 2276 2766 ὁ
2300 2709 2478 2777 λίθος

469 2801 528 2872 ἐξ
584 2802 838 2872 ἁνὰγοῑης
888 2807 991 2857 καὶ
1049 2802 1172 2858 α’νω
1226 2806 1330 2857 καὶ
1383 2805 1543 2859 κάτω
1600 2805 1877 2881 φέρεται,
1929 2801 2056 2858 ἀλλ’
2110 2808 2186 2861 οὐ
2227 2806 2330 2861 διὰ
2362 2809 2479 2871 ’τὴν

468 2899 666 2962 αὐτὴν
703 2897 982 2966 ἀνάγκην.
1023 2896 1095 2952 cf.
1140 2898 1307 2967 Phys,
1356 2897 1687 2950 Auscultat.
1722 2896 1780 2949 11
1812 2897 1848 2954 9
1881 2897 2201 2970 Metaphys.
2235 2900 2350 2970 V,
2411 2899 2464 2958 5.

469 2988 600 3059 vl,
640 2993 691 3046 2.
2490 3018 2494 3022 ·

446 3147 459 3170 Ι
612 3083 716 3152 11)
755 3084 941 3139 Arist.
996 3085 1222 3154 Physic.
1265 3086 1531 3143 Auscult.
1583 3085 1648 3157 1,
1691 3085 1731 3144 9
1769 3085 1949 3156 VIII,
2000 3087 2036 3142 8
2095 3086 2163 3140 de
2202 3086 2473 3163 Generat.

475 3188 534 3234 et
572 3179 834 3250 Coriupt.
872 3179 901 3233 1
943 3178 1000 3250 3,
1036 3180 1104 3234 de
1145 3181 1398 3237 Animal.
1419 3190 1590 3237 motu
1621 3198 1676 3235 c·
1713 3179 1768 3240 6.
1822 3183 1908 3237 De
1950 3182 2041 3235 his
2077 3158 2479 3250 similibusque

476 3274 815 3348 quibusdam
849 3275 989 3330 locis
1028 3275 1309 3342 agendum
1344 3276 1452 3329 erit
1490 3278 1553 3330 in
1590 3277 2000 3347 prolegomenis
2036 3274 2097 3329 iu
2128 3275 2460 3329 Aristotelis

483 3349 898 3443 Metaphysi‘ca.
984 3368 1054 3424 In
1087 3369 1310 3424 Ethicis
1346 3370 1417 3423 ad
1455 3371 1756 3425 Eudemum
1782 3370 1850 3442 1‚‘
1869 3372 1905 3427 8
1934 3368 2324 3437 significantur
2354 3368 2464 3422 for-

480 3476 633 3524 tasse
673 3465 804 3520 libri
839 3465 905 3518 de
940 3464 1114 3520 Bono.
1153 3465 1442 3536 λέγωμεν,
1490 3464 1681 3534 inquit
1717 3474 1936 3535 auctor,
1973 3462 2070 3521 ὁτι
2106 3482 2336 3540 'teme-ov
2371 3469 2476 3535 μὲν

446 3569 555 3626 ,τὸ
613 3560 772 3619 εἶναι
826 3560 987 3627 ἰδέας
1038 3563 1120 3631 μὴ
1170 3563 1357 3630 μόνον
1410 3559 1687 3632 ἀγαθοῦ,
1752 3558 1916 3615 ἀλλὰ
1978 3562 2082 3613 και
2131 3556 2473 3628 ἀλλουοῦν,

478 3654 712 3726 λέγεται
748 3656 991 3728 λογικως
1026 3659 1130 3712 καὶ
1165 3660 1361 3721 κεναῖς.
1389 3657 1728 3712 ἐπέσκεπται
1754 3653 1816 3712 δὲ
1853 3643 2104 3721 πολλοῖς
2134 3657 2261 3732 περὶ
2290 3657 2473 3722 αυτῆς

480 3754 723 3828 τρόποις
775 3772 878 3805 και
916 3753 975 3806 ἐν
1028 3757 1159 3818 τοῖς
1214 3745 1573 3829 ἐξωτερικοῖς
1622 3747 1822 3820 λόγοις
1868 3751 1971 3804 καὶ
2002 3749 2061 3806 ἰν
2103 3757 2235 3818 τοῖς
2273 3749 2468 3808 κοινὰ

420 3899 443 3916 x
488 3842 1000 3916 φιλοσοφίαν.
