2573 4556
368 201 414 264 2

372 383 689 461 buissent
715 386 836 445 aut
862 378 1034 443 bene
1065 393 1400 462 perpensa
1433 393 1607 460 quae
1641 375 1724 440 de
1744 373 2146 455 Aristotelis,
2170 374 2373 441 libris

370 490 739 574 deperditis
777 488 863 549 ab
930 483 1321 549 Alexandro
1371 482 1939 568 Aphrodisiensi.,
2002 481 2370 566 Simplicio

370 594 665 679 aliisque
718 592 1112 661 auctoribus
1165 591 1572 670 traduntur,
1625 598 1766 653 tam
1814 588 2085 657 levibus
2137 594 2377 669 conje-
2423 604 2440 621 ⁸

376 704 588 767 cturis
607 718 755 765 non
769 693 1239 764 indulsissent.
1276 695 1506 777 Quam
1530 698 1772 782 cupide
1798 705 2023 761 autem
2040 706 2381 761 certatum

373 811 491 888 sit,
526 816 759 872 utrum
788 810 936 868 tota
978 800 1295 869 Platonis
1330 802 1765 889 philosophia
1801 808 1872 867 in
1910 808 2053 885 ejus
2085 802 2383 888 dialogis

371 914 848 992 contineatur,
899 928 978 975 ex
1011 911 1234 993 iisque
1271 908 1478 994 plena
1519 913 1824 991 ejusdem
1861 914 2168 997 cognitio
2201 911 2380 974 hau-

260 1082 275 1095 ,
379 1022 513 1097 riri,
530 1020 789 1107 possit,
846 1037 939 1083 an
993 1019 1312 1102 princeps
1345 1014 1460 1097 ille
1499 1016 2187 1111 philosophprumin
2225 1020 2377 1082 dia·

375 1114 799 1214 logis'nihil,
835 1121 1183 1189 affirmans
1252 1132 1321 1187 et
1348 1126 1422 1187 in
1466 1132 1827 1210 utramque
1862 1134 2131 1210 partem
2162 1126 2381 1189 disse-

378 1252 564 1315 rens,
604 1230 1077 1317 philosophiae
1115 1249 1278 1297 suae
1303 1249 1568 1295 summa
1585 1236 1807 1316 capita
1845 1230 2061 1317 vulgo
2094 1234 2386 1297 abscon-

296 1420 304 1427 ·
376 1341 578 1420 derit,
621 1340 994 1424 paucisque
1018 1334 1458 1403 solummodo
1506 1357 1541 1401 e
1588 1337 2081 1423 discipulorum
2117 1356 2381 1405 corona

379 1445 613 1512 electis
655 1443 737 1509 'iu
779 1441 1053 1510 scholae
1101 1440 1313 1538 adyto
1360 1448 1736 1529 aperuerit,
1788 1454 1855 1510 et
1893 1466 2099 1534 quam
2134 1467 2388 1530 parum

380 1554 604 1620 adhuc
647 1560 995 1617 certamen
1051 1552 1183 1616 hoc
1226 1554 1685 1639 compositum
1724 1556 1858 1637 sit,
1915 1557 2096 1617 inter
2134 1573 2386 1619 omnes

379 1662 673 1728 constat.
793 1658 881 1723 In
949 1667 1267 1723 neutram
1307 1679 1476 1727 vero
1522 1669 1789 1744 partem
1834 1664 2000 1726 satis
2065 1671 2380 1725 accurate

386 1769 813 1853 disputatum
870 1784 1018 1830 esse
1050 1768 1364 1834 ividetur.
1444 1764 1587 1848 Qui
1636 1771 1821 1855 enim
1852 1787 2054 1856 aegre
2096 1765 2388 1833 ferentes

392 1896 464 1942 se
512 1877 799 1940 arduam
834 1872 1262 1961 Platonis-in
1304 1872 1599 1958 dialogis
1641 1862 2030 1941 doctrinam
2063 1877 2389 1939 admirari

387 1984 687 2070 quidem,
730 1983 916 2046 haud
956 1985 1124 2048 satis
1168 1990 1401 2045 tamen
1445 1985 1796 2070 percipere
1839 2003 2085 2070 posse,
2125 1984 2210 2047 ad
2241 2004 2391 2066 my-

390 2084 594 2156 steria
631 2088 908 2154 scholae
943 2097 1355 2173 provocant,
1391 2090 1804 2153 testimoniis
1837 2093 2156 2153 nituntur
2175 2092 2396 2173 ipsius

394 2195 715 2263 Platonis
747 2203 870 2258 aut
901 2197 1129 2265 minus
1150 2192 1514 2257 intellectis
1549 2201 1669 2255 aut
1711 2194 2087 2278 depromtis
2119 2213 2195 2255 ex
2227 2196 2396 2276 epis·

401 2288 566 2384 to‘lis
599 2301 889 2367 ‘Platoni
955 2298 1128 2365 falso
1179 2301 1561 2382 adscriptis,
1645 2298 1786 2380 Qui
1838 2307 2066 2364 autem
2112 2308 2398 2364 conten-

394 2413 571 2498 dunt
591 2412 935 2496 integram
984 2405 1300 2473 Platonis
1354 2407 1744 2470 doctrinam
1805 2407 1880 2467 in
1925 2409 2069 2483 ejus
2102 2403 2394 2488 dialogis

401 2525 796 2583 contentam
838 2534 1013 2596 esse,
1072 2521 1366 2578 autnon
1397 2514 1859 2576 meminerunt
1901 2511 2096 2596 plura
2135 2512 2399 2575 Aristo-

402 2611 609 2690 telem
658 2641 741 2689 ex
793 2626 1108 2707 magistri
1158 2622 1469 2686 doctrina
1526 2628 1592 2682 et
1629 2618 1925 2683 inlibris
1966 2621 2086 2704 qui
2132 2627 2398 2683 exstant

409 2740 478 2795 et
536 2734 610 2794 in
632 2729 1025 2816 deperditis
1064 2713 1412 2812 tetigisse,
1474 2711 1769 2811 quorum
1799 2747 1885 2790 ne
1918 2728 2214 2810 vestigia
2248 2729 2393 2811 qui-

410 2840 600 2902 deiu-⁴
634 2839 710 2900 in
759 2833 1057 2920 dialogis
1111 2832 1487 2900 Platonicis
1548 2835 2017 2917 reperiuntur,
2078 2842 2200 2897 aut
2254 2830 2397 2897 Sta·

413 2937 658 3028 g'iritae
723 2962 969 3028 parum
1029 2938 1187 3005 fidei
1238 2941 1644 3005 tribuerunt.
1777 2938 2024 3027 Neque
2094 2942 2404 3027 equidem

416 3053 884 3117 contenderim
940 3046 1378 3114 Aristotelem
1418 3050 1657 3134 magni
1699 3047 1997 3114 doctoris
2023 3047 2404 3113 doctrinam

419 3157 591 3224 satis·
640 3166 868 3221 mente
911 3158 1555 3241 comprehendisse,
1616 3158 1754 3220 imo
1804 3157 2202 3220 crediderim
2229 3143 2401 3217 ¹nun·

422 3286 630 3354 quam
678 3285 835 3329 eum
887 3262 1116 3328 minus
1157 3272 1431 3327 acutum
1490 3283 1675 3336 esse,
1735 3282 1943 3347 quam
1996 3265 2112 3354 ubi
2169 3269 2402 3325 contra

426 3372 741 3438 Platonis
780 3372 969 3437 ideas
996 3373 1333 3457 disputatt
1362 3379 1435 3433 at
1467 3379 1717 3433 temere
1752 3368 1936 3450 facit,
1975 3371 2096 3454 qui
2131 3371 2193 3431 ei
2208 3366 2402 3432 fidem

431 3475 763 3567 abrogat,
823 3483 941 3544 ubi
998 3479 1179 3543 haud
1227 3482 1635 3564 interposito
1689 3499 1816 3542 suo
1849 3478 2131 3558 =judicio
2188 3478 2404 3561 tangit

442 3723 597 3806 ³¹⁸⁵ssss
623 3723 878 3792 Litterat.
920 3723 1005 3780 IV
1056 3722 1311 3792 Stiick),
1368 3722 1429 3777 in
1473 3721 2165 3792 commentationibusque
2203 3719 2400 3776 Societ.

433 3818 574 3887 Res.
600 3817 961 3884 Gottingens.
990 3820 1196 3875 volum.
1226 3818 1346 3916 XV¹
1376 3836 1430 3893 p.
1467 3817 1571 3875 106
1606 3835 1731 3924 ἧς.
