<?xml version="1.0" encoding="UTF-8"?>
<!DOCTYPE html PUBLIC "-//W3C//DTD XHTML 1.0 Transitional//EN"
    "http://www.w3.org/TR/xhtml1/DTD/xhtml1-transitional.dtd">
<html xmlns="http://www.w3.org/1999/xhtml" xml:lang="en" lang="en">
 <head>
  <title>
</title>
<meta http-equiv="Content-Type" content="text/html;charset=utf-8" />
  <meta name='ocr-system' content='tesseract 3.04.00' />
  <meta name='ocr-capabilities' content='ocr_page ocr_carea ocr_par ocr_line ocrx_word'/>
</head>
<body>
  <div class='ocr_page' id='page_1' title='image "./deperditisarist00brangoog_0050.png"; bbox 0 0 2573 4556; ppageno 0'>
   <div class='ocr_carea' id='block_1_1' title="bbox 362 86 415 148">
    <p class='ocr_par' dir='ltr' id='par_1_1' title="bbox 362 86 415 148">
     <span class='ocr_line' id='line_1_1' title="bbox 362 86 415 148; baseline 0 -4"><span class='ocrx_word' id='word_1_1' title='bbox 362 86 415 148; x_wconf 63' lang='grc' dir='ltr'>ἑ.</span> 
     </span>
    </p>
   </div>
   <div class='ocr_carea' id='block_1_2' title="bbox 386 167 477 243">
    <p class='ocr_par' dir='ltr' id='par_1_2' title="bbox 386 167 477 243">
     <span class='ocr_line' id='line_1_2' title="bbox 386 167 477 243; baseline 0 -2"><span class='ocrx_word' id='word_1_2' title='bbox 386 167 477 243; x_wconf 75' lang='grc'>56</span> 
     </span>
    </p>
   </div>
   <div class='ocr_carea' id='block_1_3' title="bbox 268 354 2434 3865">
    <p class='ocr_par' dir='ltr' id='par_1_3' title="bbox 268 354 2434 3865">
     <span class='ocr_line' id='line_1_3' title="bbox 389 354 2396 445; baseline -0.002 -20"><span class='ocrx_word' id='word_1_3' title='bbox 389 379 542 425; x_wconf 88' lang='lat' dir='ltr'>rum</span> <span class='ocrx_word' id='word_1_4' title='bbox 595 362 855 445; x_wconf 79' lang='lat' dir='ltr'>species</span> <span class='ocrx_word' id='word_1_5' title='bbox 910 360 999 423; x_wconf 87' lang='lat' dir='ltr'>ad</span> <span class='ocrx_word' id='word_1_6' title='bbox 1052 356 1418 429; x_wconf 78' lang='lat' dir='ltr'>numeros,</span> <span class='ocrx_word' id='word_1_7' title='bbox 1449 354 1722 437; x_wconf 82' lang='lat' dir='ltr'>retulit,</span> <span class='ocrx_word' id='word_1_8' title='bbox 1800 375 1838 421; x_wconf 93' lang='lat' dir='ltr'>e</span> <span class='ocrx_word' id='word_1_9' title='bbox 1899 357 2159 442; x_wconf 84' lang='lat' dir='ltr'>quibus</span> <span class='ocrx_word' id='word_1_10' title='bbox 2231 376 2396 443; x_wconf 86' lang='lat' dir='ltr'>per-</span> 
     </span>
     <span class='ocr_line' id='line_1_4' title="bbox 322 446 2396 548; baseline -0.004 -12"><span class='ocrx_word' id='word_1_11' title='bbox 322 526 330 536; x_wconf 90' lang='lat'><strong>.</strong></span> <span class='ocrx_word' id='word_1_12' title='bbox 390 461 604 532; x_wconf 83' lang='lat' dir='ltr'>fectus</span> <span class='ocrx_word' id='word_1_13' title='bbox 663 485 987 531; x_wconf 89' lang='lat' dir='ltr'>numerus</span> <span class='ocrx_word' id='word_1_14' title='bbox 1043 470 1168 528; x_wconf 79' lang='grc' dir='ltr'><strong><em>τοῦ</em></strong></span> <span class='ocrx_word' id='word_1_15' title='bbox 1221 466 1455 530; x_wconf 90' lang='lat' dir='ltr'>decem</span> <span class='ocrx_word' id='word_1_16' title='bbox 1508 446 1928 546; x_wconf 76' lang='lat' dir='ltr'>efficeretur3</span> <span class='ocrx_word' id='word_1_17' title='bbox 2014 463 2222 548; x_wconf 90' lang='lat' dir='ltr'>idque</span> <span class='ocrx_word' id='word_1_18' title='bbox 2286 466 2396 527; x_wconf 78' lang='lat' dir='ltr'>ita</span> 
     </span>
     <span class='ocr_line' id='line_1_5' title="bbox 389 556 2397 660; baseline -0.003 -21"><span class='ocrx_word' id='word_1_19' title='bbox 389 581 473 640; x_wconf 87' lang='lat' dir='ltr'>ut</span> <span class='ocrx_word' id='word_1_20' title='bbox 513 576 731 660; x_wconf 88' lang='lat' dir='ltr'>prima</span> <span class='ocrx_word' id='word_1_21' title='bbox 772 574 1031 636; x_wconf 81' lang='lat' dir='ltr'>tetrade</span> <span class='ocrx_word' id='word_1_22' title='bbox 1080 576 1228 639; x_wconf 89' lang='lat' dir='ltr'>sive</span> <span class='ocrx_word' id='word_1_23' title='bbox 1250 574 1468 657; x_wconf 89' lang='lat' dir='ltr'>prima</span> <span class='ocrx_word' id='word_1_24' title='bbox 1493 556 1969 657; x_wconf 83' lang='lat' dir='ltr'>complexione</span> <span class='ocrx_word' id='word_1_25' title='bbox 2002 574 2397 656; x_wconf 88' lang='lat' dir='ltr'>primorum</span> 
     </span>
     <span class='ocr_line' id='line_1_6' title="bbox 395 677 2397 767; baseline -0.005 -18"><span class='ocrx_word' id='word_1_26' title='bbox 395 684 693 767; x_wconf 79' lang='lat' dir='ltr'>quatuor</span> <span class='ocrx_word' id='word_1_27' title='bbox 733 698 1172 745; x_wconf 87' lang='lat' dir='ltr'>numerorum</span> <span class='ocrx_word' id='word_1_28' title='bbox 1229 677 1832 763; x_wconf 79' lang='lat' dir='ltr'>comprehenderet</span> <span class='ocrx_word' id='word_1_29' title='bbox 1870 697 2125 764; x_wconf 85' lang='lat' dir='ltr'>genera</span> <span class='ocrx_word' id='word_1_30' title='bbox 2169 679 2397 741; x_wconf 86' lang='lat' dir='ltr'>maxi-</span> 
     </span>
     <span class='ocr_line' id='line_1_7' title="bbox 394 780 2396 869; baseline -0.002 -19"><span class='ocrx_word' id='word_1_31' title='bbox 394 805 506 850; x_wconf 80' lang='lat' dir='ltr'>me</span> <span class='ocrx_word' id='word_1_32' title='bbox 546 782 998 853; x_wconf 80' lang='lat' dir='ltr'>universalia:</span> <span class='ocrx_word' id='word_1_33' title='bbox 1083 805 1161 849; x_wconf 91' lang='lat' dir='ltr'>ac</span> <span class='ocrx_word' id='word_1_34' title='bbox 1204 787 1424 868; x_wconf 88' lang='lat' dir='ltr'>prima</span> <span class='ocrx_word' id='word_1_35' title='bbox 1467 786 1742 869; x_wconf 88' lang='lat' dir='ltr'>quidem</span> <span class='ocrx_word' id='word_1_36' title='bbox 1787 786 2081 849; x_wconf 83' lang='lat' dir='ltr'>monade</span> <span class='ocrx_word' id='word_1_37' title='bbox 2136 780 2396 847; x_wconf 87' lang='lat' dir='ltr'>intelli-</span> 
     </span>
     <span class='ocr_line' id='line_1_8' title="bbox 395 887 2396 977; baseline 0 -22"><span class='ocrx_word' id='word_1_38' title='bbox 395 889 677 977; x_wconf 82' lang='lat' dir='ltr'>gibilia,</span> <span class='ocrx_word' id='word_1_39' title='bbox 733 905 909 977; x_wconf 86' lang='lat' dir='ltr'>quae</span> <span class='ocrx_word' id='word_1_40' title='bbox 947 887 1079 955; x_wconf 88' lang='lat' dir='ltr'>fixa</span> <span class='ocrx_word' id='word_1_41' title='bbox 1110 894 1435 976; x_wconf 89' lang='lat' dir='ltr'>omnique</span> <span class='ocrx_word' id='word_1_42' title='bbox 1465 900 1659 957; x_wconf 89' lang='lat' dir='ltr'>motu</span> <span class='ocrx_word' id='word_1_43' title='bbox 1697 893 2073 970; x_wconf 85' lang='lat' dir='ltr'>immunia,</span> <span class='ocrx_word' id='word_1_44' title='bbox 2114 910 2396 955; x_wconf 87' lang='lat' dir='ltr'>summa</span> 
     </span>
     <span class='ocr_line' id='line_1_9' title="bbox 396 993 2397 1083; baseline 0.001 -23"><span class='ocrx_word' id='word_1_45' title='bbox 396 998 614 1069; x_wconf 76' lang='lat' dir='ltr'>animi</span> <span class='ocrx_word' id='word_1_46' title='bbox 670 993 993 1062; x_wconf 84' lang='lat' dir='ltr'>facultate</span> <span class='ocrx_word' id='word_1_47' title='bbox 1042 1001 1584 1083; x_wconf 85' lang='lat' dir='ltr'>attingerentur3</span> <span class='ocrx_word' id='word_1_48' title='bbox 1641 1000 1860 1083; x_wconf 84' lang='lat' dir='ltr'>prima</span> <span class='ocrx_word' id='word_1_49' title='bbox 1904 1007 2131 1061; x_wconf 90' lang='lat' dir='ltr'>autem</span> <span class='ocrx_word' id='word_1_50' title='bbox 2164 999 2397 1081; x_wconf 84' lang='lat' dir='ltr'>dyade</span> 
     </span>
     <span class='ocr_line' id='line_1_10' title="bbox 396 1098 2396 1193; baseline -0.002 -21"><span class='ocrx_word' id='word_1_51' title='bbox 396 1103 679 1172; x_wconf 69' lang='lat' dir='ltr'>scientia</span> <span class='ocrx_word' id='word_1_52' title='bbox 748 1107 792 1172; x_wconf 88' lang='lat' dir='ltr'>i.</span> <span class='ocrx_word' id='word_1_53' title='bbox 836 1124 871 1168; x_wconf 91' lang='lat' dir='ltr'>e</span> <span class='ocrx_word' id='word_1_54' title='bbox 931 1111 1113 1193; x_wconf 70' lang='lat' dir='ltr'>certa</span> <span class='ocrx_word' id='word_1_55' title='bbox 1184 1098 1522 1186; x_wconf 69' lang='lat' dir='ltr'>firmaque,</span> <span class='ocrx_word' id='word_1_56' title='bbox 1600 1105 1899 1188; x_wconf 88' lang='lat' dir='ltr'>quadam</span> <span class='ocrx_word' id='word_1_57' title='bbox 1986 1106 2396 1188; x_wconf 80' lang='lat' dir='ltr'>cognitione</span> 
     </span>
     <span class='ocr_line' id='line_1_11' title="bbox 396 1211 2396 1297; baseline -0.001 -21"><span class='ocrx_word' id='word_1_58' title='bbox 396 1221 468 1276; x_wconf 88' lang='lat' dir='ltr'>et</span> <span class='ocrx_word' id='word_1_59' title='bbox 536 1212 872 1293; x_wconf 80' lang='lat' dir='ltr'>eiusmodi</span> <span class='ocrx_word' id='word_1_60' title='bbox 933 1211 1149 1274; x_wconf 88' lang='lat' dir='ltr'>animi</span> <span class='ocrx_word' id='word_1_61' title='bbox 1219 1219 1417 1275; x_wconf 88' lang='lat' dir='ltr'>motu</span> <span class='ocrx_word' id='word_1_62' title='bbox 1490 1211 2163 1295; x_wconf 77' lang='lat' dir='ltr'>comprehendenda,</span> <span class='ocrx_word' id='word_1_63' title='bbox 2247 1231 2396 1297; x_wconf 89' lang='lat' dir='ltr'>quo</span> 
     </span>
     <span class='ocr_line' id='line_1_12' title="bbox 308 1316 2401 1403; baseline -0 -22"><span class='ocrx_word' id='word_1_64' title='bbox 308 1368 319 1381; x_wconf 71' lang='grc'><em>,</em></span> <span class='ocrx_word' id='word_1_65' title='bbox 398 1316 1040 1403; x_wconf 73' lang='lat' dir='ltr'>{allinequiremu53</span> <span class='ocrx_word' id='word_1_66' title='bbox 1085 1317 1304 1401; x_wconf 88' lang='lat' dir='ltr'>prima</span> <span class='ocrx_word' id='word_1_67' title='bbox 1339 1316 1557 1381; x_wconf 85' lang='lat' dir='ltr'>triade</span> <span class='ocrx_word' id='word_1_68' title='bbox 1580 1317 2030 1403; x_wconf 75' lang='lat' dir='ltr'>physicasive</span> <span class='ocrx_word' id='word_1_69' title='bbox 2056 1319 2401 1402; x_wconf 85' lang='lat' dir='ltr'>opinione</span> 
     </span>
     <span class='ocr_line' id='line_1_13' title="bbox 394 1426 2397 1512; baseline 0 -22"><span class='ocrx_word' id='word_1_70' title='bbox 394 1427 870 1512; x_wconf 77' lang='lat' dir='ltr'>percipienda,</span> <span class='ocrx_word' id='word_1_71' title='bbox 930 1426 976 1492; x_wconf 88' lang='lat' dir='ltr'>i.</span> <span class='ocrx_word' id='word_1_72' title='bbox 1038 1444 1073 1488; x_wconf 90' lang='lat' dir='ltr'>e</span> <span class='ocrx_word' id='word_1_73' title='bbox 1132 1443 1211 1487; x_wconf 91' lang='lat' dir='ltr'>ea</span> <span class='ocrx_word' id='word_1_74' title='bbox 1252 1444 1429 1509; x_wconf 92' lang='lat' dir='ltr'>quae</span> <span class='ocrx_word' id='word_1_75' title='bbox 1458 1426 1731 1510; x_wconf 87' lang='lat' dir='ltr'>quidem</span> <span class='ocrx_word' id='word_1_76' title='bbox 1763 1428 1839 1488; x_wconf 87' lang='lat' dir='ltr'>in</span> <span class='ocrx_word' id='word_1_77' title='bbox 1878 1444 2103 1488; x_wconf 73' lang='lat' dir='ltr'>renim</span> <span class='ocrx_word' id='word_1_78' title='bbox 2140 1433 2397 1491; x_wconf 78' lang='lat' dir='ltr'>natura</span> 
     </span>
     <span class='ocr_line' id='line_1_14' title="bbox 397 1530 2399 1621; baseline -0.002 -21"><span class='ocrx_word' id='word_1_79' title='bbox 397 1530 750 1621; x_wconf 85' lang='lat' dir='ltr'>generalia</span> <span class='ocrx_word' id='word_1_80' title='bbox 790 1538 1059 1611; x_wconf 78' lang='lat' dir='ltr'>essent,</span> <span class='ocrx_word' id='word_1_81' title='bbox 1116 1550 1340 1615; x_wconf 89' lang='lat' dir='ltr'>neque</span> <span class='ocrx_word' id='word_1_82' title='bbox 1392 1540 1623 1597; x_wconf 85' lang='lat' dir='ltr'>tamen</span> <span class='ocrx_word' id='word_1_83' title='bbox 1667 1533 1754 1596; x_wconf 90' lang='lat' dir='ltr'>ad</span> <span class='ocrx_word' id='word_1_84' title='bbox 1801 1550 1962 1597; x_wconf 88' lang='lat' dir='ltr'>suas</span> <span class='ocrx_word' id='word_1_85' title='bbox 2015 1532 2206 1597; x_wconf 86' lang='lat' dir='ltr'>ideas</span> <span class='ocrx_word' id='word_1_86' title='bbox 2249 1531 2399 1612; x_wconf 80' lang='lat' dir='ltr'>jain</span> 
     </span>
     <span class='ocr_line' id='line_1_15' title="bbox 398 1637 2398 1724; baseline -0.002 -19"><span class='ocrx_word' id='word_1_87' title='bbox 398 1637 659 1724; x_wconf 80' lang='lat' dir='ltr'>relata3</span> <span class='ocrx_word' id='word_1_88' title='bbox 719 1657 796 1702; x_wconf 87' lang='lat' dir='ltr'>ac</span> <span class='ocrx_word' id='word_1_89' title='bbox 842 1639 1059 1722; x_wconf 89' lang='lat' dir='ltr'>prima</span> <span class='ocrx_word' id='word_1_90' title='bbox 1094 1638 1390 1722; x_wconf 89' lang='lat' dir='ltr'>denique</span> <span class='ocrx_word' id='word_1_91' title='bbox 1439 1639 1703 1702; x_wconf 81' lang='lat' dir='ltr'>tetrade</span> <span class='ocrx_word' id='word_1_92' title='bbox 1746 1640 1892 1705; x_wconf 89' lang='lat' dir='ltr'>sive</span> <span class='ocrx_word' id='word_1_93' title='bbox 1945 1641 2170 1724; x_wconf 89' lang='lat' dir='ltr'>primo</span> <span class='ocrx_word' id='word_1_94' title='bbox 2226 1657 2398 1723; x_wconf 89' lang='lat' dir='ltr'>qua-</span> 
     </span>
     <span class='ocr_line' id='line_1_16' title="bbox 399 1738 2400 1829; baseline -0.001 -16"><span class='ocrx_word' id='word_1_95' title='bbox 399 1748 703 1813; x_wconf 83' lang='lat' dir='ltr'>ternario</span> <span class='ocrx_word' id='word_1_96' title='bbox 737 1764 1026 1809; x_wconf 90' lang='lat' dir='ltr'>numero</span> <span class='ocrx_word' id='word_1_97' title='bbox 1073 1738 1356 1827; x_wconf 74' lang='lat' dir='ltr'>sensilia</span> <span class='ocrx_word' id='word_1_98' title='bbox 1404 1742 2002 1829; x_wconf 82' lang='lat' dir='ltr'>complecteretur,</span> <span class='ocrx_word' id='word_1_99' title='bbox 2087 1748 2132 1810; x_wconf 86' lang='lat' dir='ltr'>i.</span> <span class='ocrx_word' id='word_1_100' title='bbox 2176 1767 2211 1809; x_wconf 86' lang='lat' dir='ltr'>e</span> <span class='ocrx_word' id='word_1_101' title='bbox 2282 1764 2400 1811; x_wconf 77' lang='lat' dir='ltr'>res</span> 
     </span>
     <span class='ocr_line' id='line_1_17' title="bbox 406 1851 2395 1940; baseline -0.002 -20"><span class='ocrx_word' id='word_1_102' title='bbox 406 1851 715 1940; x_wconf 85' lang='lat' dir='ltr'>singulas</span> <span class='ocrx_word' id='word_1_103' title='bbox 778 1854 1094 1918; x_wconf 77' lang='lat' dir='ltr'>sensibus</span> <span class='ocrx_word' id='word_1_104' title='bbox 1157 1853 1611 1935; x_wconf 84' lang='lat' dir='ltr'>usurpandas.</span> <span class='ocrx_word' id='word_1_105' title='bbox 1709 1851 2101 1937; x_wconf 87' lang='lat' dir='ltr'>Unicuique</span> <span class='ocrx_word' id='word_1_106' title='bbox 2155 1859 2395 1917; x_wconf 76' lang='lat' dir='ltr'>autem</span> 
     </span>
     <span class='ocr_line' id='line_1_18' title="bbox 396 1959 2402 2045; baseline -0.001 -19"><span class='ocrx_word' id='word_1_107' title='bbox 396 1960 646 2039; x_wconf 76' lang='lat' dir='ltr'>horum</span> <span class='ocrx_word' id='word_1_108' title='bbox 682 1979 1016 2045; x_wconf 78' lang='lat' dir='ltr'>generum</span> <span class='ocrx_word' id='word_1_109' title='bbox 1051 1959 1584 2041; x_wconf 86' lang='lat' dir='ltr'>seriem-tribuit</span> <span class='ocrx_word' id='word_1_110' title='bbox 1619 1962 2180 2043; x_wconf 77' lang='lat' dir='ltr'>quaternionum,</span> <span class='ocrx_word' id='word_1_111' title='bbox 2224 1979 2402 2042; x_wconf 88' lang='lat' dir='ltr'>quo·</span> 
     </span>
     <span class='ocr_line' id='line_1_19' title="bbox 401 2064 2395 2153; baseline -0.001 -23"><span class='ocrx_word' id='word_1_112' title='bbox 401 2082 560 2133; x_wconf 78' lang='lat' dir='ltr'>rum</span> <span class='ocrx_word' id='word_1_113' title='bbox 597 2068 856 2149; x_wconf 75' lang='lat' dir='ltr'>primus</span> <span class='ocrx_word' id='word_1_114' title='bbox 912 2066 1174 2153; x_wconf 77' lang='lat' dir='ltr'>’species</span> <span class='ocrx_word' id='word_1_115' title='bbox 1239 2067 1385 2145; x_wconf 84' lang='lat' dir='ltr'>ejus</span> <span class='ocrx_word' id='word_1_116' title='bbox 1443 2068 1718 2152; x_wconf 85' lang='lat' dir='ltr'>generis</span> <span class='ocrx_word' id='word_1_117' title='bbox 1776 2064 2395 2150; x_wconf 82' lang='lat' dir='ltr'>comprehenderet</span> 
     </span>
     <span class='ocr_line' id='line_1_20' title="bbox 400 2162 2407 2263; baseline 0 -27"><span class='ocrx_word' id='word_1_118' title='bbox 400 2172 697 2236; x_wconf 80' lang='lat' dir='ltr'>maxime</span> <span class='ocrx_word' id='word_1_119' title='bbox 732 2168 1107 2255; x_wconf 59' lang='lat' dir='ltr'>perfectas,</span> <span class='ocrx_word' id='word_1_120' title='bbox 1153 2174 1494 2263; x_wconf 77' lang='lat' dir='ltr'>secundus</span> <span class='ocrx_word' id='word_1_121' title='bbox 1532 2175 1838 2258; x_wconf 83' lang='lat' dir='ltr'>proxime</span> <span class='ocrx_word' id='word_1_122' title='bbox 1886 2174 1973 2236; x_wconf 87' lang='lat' dir='ltr'>ad</span> <span class='ocrx_word' id='word_1_123' title='bbox 2021 2162 2156 2238; x_wconf 73' lang='lat' dir='ltr'>‘has</span> <span class='ocrx_word' id='word_1_124' title='bbox 2213 2191 2407 2237; x_wconf 85' lang='lat' dir='ltr'>acce·</span> 
     </span>
     <span class='ocr_line' id='line_1_21' title="bbox 401 2260 2406 2366; baseline -0 -20"><span class='ocrx_word' id='word_1_125' title='bbox 401 2280 684 2359; x_wconf 77' lang='lat' dir='ltr'>dentes,</span> <span class='ocrx_word' id='word_1_126' title='bbox 743 2277 1088 2365; x_wconf 84' lang='lat' dir='ltr'>similique</span> <span class='ocrx_word' id='word_1_127' title='bbox 1113 2282 1383 2344; x_wconf 87' lang='lat' dir='ltr'>ratione</span> <span class='ocrx_word' id='word_1_128' title='bbox 1421 2282 1917 2365; x_wconf 64' lang='lat' dir='ltr'>quaterniones</span> <span class='ocrx_word' id='word_1_129' title='bbox 1946 2284 2068 2366; x_wconf 81' lang='lat' dir='ltr'>qui</span> <span class='ocrx_word' id='word_1_130' title='bbox 2100 2260 2406 2366; x_wconf 57' lang='lat' dir='ltr'>sequung</span> 
     </span>
     <span class='ocr_line' id='line_1_22' title="bbox 401 2367 2404 2474; baseline 0.002 -25"><span class='ocrx_word' id='word_1_131' title='bbox 401 2383 581 2467; x_wconf 69' lang='lat' dir='ltr'>tur‚‘</span> <span class='ocrx_word' id='word_1_132' title='bbox 611 2367 951 2474; x_wconf 80' lang='lat' dir='ltr'>gradatim</span> <span class='ocrx_word' id='word_1_133' title='bbox 992 2388 1130 2467; x_wconf 78' lang='lat' dir='ltr'>iam</span> <span class='ocrx_word' id='word_1_134' title='bbox 1176 2406 1383 2471; x_wconf 88' lang='lat' dir='ltr'>porro</span> <span class='ocrx_word' id='word_1_135' title='bbox 1428 2385 2041 2473; x_wconf 85' lang='lat' dir='ltr'>complecterentur</span> <span class='ocrx_word' id='word_1_136' title='bbox 2097 2386 2404 2472; x_wconf 74' lang='lat' dir='ltr'>reliquas</span> 
     </span>
     <span class='ocr_line' id='line_1_23' title="bbox 344 2479 2404 2580; baseline -0 -21"><span class='ocrx_word' id='word_1_137' title='bbox 344 2487 349 2492; x_wconf 61' lang='grc'>’</span> <span class='ocrx_word' id='word_1_138' title='bbox 403 2512 632 2560; x_wconf 85' lang='lat' dir='ltr'>rerum</span> <span class='ocrx_word' id='word_1_139' title='bbox 677 2496 954 2580; x_wconf 81' lang='lat' dir='ltr'>species.</span> <span class='ocrx_word' id='word_1_140' title='bbox 1038 2494 1264 2576; x_wconf 87' lang='lat' dir='ltr'>Quam</span> <span class='ocrx_word' id='word_1_141' title='bbox 1291 2497 1518 2559; x_wconf 76' lang='lat' dir='ltr'>retum</span> <span class='ocrx_word' id='word_1_142' title='bbox 1550 2479 1702 2559; x_wconf 73' lang='lat' dir='ltr'>sive</span> <span class='ocrx_word' id='word_1_143' title='bbox 1732 2497 1966 2579; x_wconf 88' lang='lat' dir='ltr'>potius</span> <span class='ocrx_word' id='word_1_144' title='bbox 2017 2498 2404 2580; x_wconf 84' lang='lat' dir='ltr'>specierum</span> 
     </span>
     <span class='ocr_line' id='line_1_24' title="bbox 299 2591 2406 2687; baseline 0.001 -23"><span class='ocrx_word' id='word_1_145' title='bbox 299 2666 305 2673; x_wconf 71' lang='grc'>,</span> <span class='ocrx_word' id='word_1_146' title='bbox 405 2604 483 2672; x_wconf 82' lang='lat' dir='ltr'>in</span> <span class='ocrx_word' id='word_1_147' title='bbox 579 2598 830 2666; x_wconf 86' lang='lat' dir='ltr'>classes</span> <span class='ocrx_word' id='word_1_148' title='bbox 920 2600 1330 2687; x_wconf 86' lang='lat' dir='ltr'>ordinesque</span> <span class='ocrx_word' id='word_1_149' title='bbox 1401 2591 1700 2667; x_wconf 83' lang='lat' dir='ltr'>invicem</span> <span class='ocrx_word' id='word_1_150' title='bbox 1776 2619 1925 2665; x_wconf 89' lang='lat' dir='ltr'>sese</span> <span class='ocrx_word' id='word_1_151' title='bbox 1986 2603 2406 2686; x_wconf 85' lang='lat' dir='ltr'>excipientes</span> 
     </span>
     <span class='ocr_line' id='line_1_25' title="bbox 408 2693 2411 2793; baseline 0.003 -24"><span class='ocrx_word' id='word_1_152' title='bbox 408 2693 938 2793; x_wconf 82' lang='lat' dir='ltr'>dispositionem</span> <span class='ocrx_word' id='word_1_153' title='bbox 987 2728 1068 2773; x_wconf 90' lang='lat' dir='ltr'>ac</span> <span class='ocrx_word' id='word_1_154' title='bbox 1127 2693 1685 2774; x_wconf 84' lang='lat' dir='ltr'>distributionem</span> <span class='ocrx_word' id='word_1_155' title='bbox 1773 2710 2010 2772; x_wconf 85' lang='lat' dir='ltr'>nescio</span> <span class='ocrx_word' id='word_1_156' title='bbox 2094 2728 2186 2772; x_wconf 86' lang='lat' dir='ltr'>an</span> <span class='ocrx_word' id='word_1_157' title='bbox 2254 2729 2411 2776; x_wconf 80' lang='lat' dir='ltr'>non</span> 
     </span>
     <span class='ocr_line' id='line_1_26' title="bbox 398 2791 2407 2914; baseline 0.001 -37.009"><span class='ocrx_word' id='word_1_158' title='bbox 398 2808 795 2914; x_wconf 81' lang='lat' dir='ltr'>significent</span> <span class='ocrx_word' id='word_1_159' title='bbox 840 2810 1141 2877; x_wconf 86' lang='lat' dir='ltr'>difficilia</span> <span class='ocrx_word' id='word_1_160' title='bbox 1199 2791 1541 2901; x_wconf 87' lang='lat' dir='ltr'>quaedam</span> <span class='ocrx_word' id='word_1_161' title='bbox 1591 2811 2052 2898; x_wconf 68' lang='lat' dir='ltr'>Theophrasti</span> <span class='ocrx_word' id='word_1_162' title='bbox 2116 2817 2190 2877; x_wconf 89' lang='lat' dir='ltr'>in</span> <span class='ocrx_word' id='word_1_163' title='bbox 2244 2811 2407 2879; x_wconf 86' lang='lat' dir='ltr'>Me-</span> 
     </span>
     <span class='ocr_line' id='line_1_27' title="bbox 403 2909 2413 3004; baseline 0.002 -23"><span class='ocrx_word' id='word_1_164' title='bbox 403 2909 778 3003; x_wconf 84' lang='lat' dir='ltr'>taphysicis</span> <span class='ocrx_word' id='word_1_165' title='bbox 821 2925 920 2997; x_wconf 88' lang='lat' dir='ltr'>(c</span> <span class='ocrx_word' id='word_1_166' title='bbox 956 2919 1091 3004; x_wconf 83' lang='lat' dir='ltr'>9p·</span> <span class='ocrx_word' id='word_1_167' title='bbox 1131 2917 1280 3000; x_wconf 82' lang='lat'><strong>262,</strong></span> <span class='ocrx_word' id='word_1_168' title='bbox 1328 2924 1366 3004; x_wconf 95' lang='grc'><strong>1</strong></span> <span class='ocrx_word' id='word_1_169' title='bbox 1403 2922 1505 2987; x_wconf 82' lang='lat' dir='ltr'>ed.</span> <span class='ocrx_word' id='word_1_170' title='bbox 1548 2916 1752 3003; x_wconf 83' lang='lat' dir='ltr'>sylb)</span> <span class='ocrx_word' id='word_1_171' title='bbox 1808 2923 2054 2986; x_wconf 84' lang='lat' dir='ltr'>verba.</span> <span class='ocrx_word' id='word_1_172' title='bbox 2106 2919 2413 2985; x_wconf 67' lang='grc' dir='ltr'><strong>Πλάτων</strong></span> 
     </span>
     <span class='ocr_line' id='line_1_28' title="bbox 409 3007 2411 3111; baseline 0.001 -25"><span class='ocrx_word' id='word_1_173' title='bbox 409 3022 481 3086; x_wconf 76' lang='grc' dir='ltr'>δὲ</span> <span class='ocrx_word' id='word_1_174' title='bbox 535 3007 651 3084; x_wconf 76' lang='grc' dir='ltr'><strong>καὶ</strong></span> <span class='ocrx_word' id='word_1_175' title='bbox 683 3023 749 3085; x_wconf 81' lang='grc' dir='ltr'>οἱ</span> <span class='ocrx_word' id='word_1_176' title='bbox 770 3023 1229 3110; x_wconf 63' lang='grc' dir='ltr'><strong>Πυθαγόρειοι</strong></span> <span class='ocrx_word' id='word_1_177' title='bbox 1262 3024 1524 3110; x_wconf 71' lang='grc' dir='ltr'><strong>μακρὰν</strong></span> <span class='ocrx_word' id='word_1_178' title='bbox 1566 3025 1691 3100; x_wconf 80' lang='grc' dir='ltr'>τὴν</span> <span class='ocrx_word' id='word_1_179' title='bbox 1748 3025 2141 3093; x_wconf 77' lang='grc' dir='ltr'><strong>ἀπόστασιν</strong></span> <span class='ocrx_word' id='word_1_180' title='bbox 2192 3027 2411 3111; x_wconf 76' lang='grc' dir='ltr'><strong>ἐπιμι-</strong></span> 
     </span>
     <span class='ocr_line' id='line_1_29' title="bbox 406 3099 2232 3218; baseline 0.002 -24"><span class='ocrx_word' id='word_1_181' title='bbox 406 3099 694 3216; x_wconf 60' lang='grc' dir='ltr'><strong>μεῖσθαι</strong></span> <span class='ocrx_word' id='word_1_182' title='bbox 729 3152 799 3215; x_wconf 75' lang='grc' dir='ltr'>γε</span> <span class='ocrx_word' id='word_1_183' title='bbox 831 3129 1054 3196; x_wconf 60' lang='grc' dir='ltr'>θέλειν</span> <span class='ocrx_word' id='word_1_184' title='bbox 1087 3129 1372 3206; x_wconf 74' lang='grc' dir='ltr'><strong>ἅπαντα</strong></span> <span class='ocrx_word' id='word_1_185' title='bbox 1420 3132 2010 3218; x_wconf 75' lang='grc' dir='ltr'><strong>(ἀποφαίνουσι).</strong></span> <span class='ocrx_word' id='word_1_186' title='bbox 2223 3205 2232 3214; x_wconf 22' lang='grc' dir='ltr'><em>Α</em></span> 
     </span>
     <span class='ocr_line' id='line_1_30' title="bbox 575 3227 2415 3326; baseline 0.002 -24"><span class='ocrx_word' id='word_1_187' title='bbox 575 3227 751 3302; x_wconf 86' lang='lat' dir='ltr'>Cum</span> <span class='ocrx_word' id='word_1_188' title='bbox 792 3247 1020 3303; x_wconf 88' lang='lat' dir='ltr'>autem</span> <span class='ocrx_word' id='word_1_189' title='bbox 1062 3243 1282 3326; x_wconf 90' lang='lat' dir='ltr'>prima</span> <span class='ocrx_word' id='word_1_190' title='bbox 1317 3237 1433 3303; x_wconf 87' lang='lat' dir='ltr'>illa</span> <span class='ocrx_word' id='word_1_191' title='bbox 1469 3247 1681 3326; x_wconf 79' lang='lat' dir='ltr'>tetras</span> <span class='ocrx_word' id='word_1_192' title='bbox 1735 3242 1809 3303; x_wconf 88' lang='lat' dir='ltr'>in</span> <span class='ocrx_word' id='word_1_193' title='bbox 1874 3246 1950 3305; x_wconf 84' lang='lat' dir='ltr'>se</span> <span class='ocrx_word' id='word_1_194' title='bbox 2022 3243 2415 3306; x_wconf 88' lang='lat' dir='ltr'>contineret</span> 
     </span>
     <span class='ocr_line' id='line_1_31' title="bbox 331 3341 2405 3434; baseline 0.001 -24"><span class='ocrx_word' id='word_1_195' title='bbox 331 3423 339 3434; x_wconf 27' lang='grc' dir='ltr'>ἱ</span> <span class='ocrx_word' id='word_1_196' title='bbox 409 3363 858 3433; x_wconf 86' lang='lat' dir='ltr'>quaecunque</span> <span class='ocrx_word' id='word_1_197' title='bbox 924 3353 994 3409; x_wconf 87' lang='lat' dir='ltr'>et</span> <span class='ocrx_word' id='word_1_198' title='bbox 1049 3355 1276 3410; x_wconf 88' lang='lat' dir='ltr'>mente</span> <span class='ocrx_word' id='word_1_199' title='bbox 1340 3355 1422 3409; x_wconf 51' lang='lat' dir='ltr'>et¹</span> <span class='ocrx_word' id='word_1_200' title='bbox 1469 3349 1784 3412; x_wconf 87' lang='lat' dir='ltr'>sensibus</span> <span class='ocrx_word' id='word_1_201' title='bbox 1859 3341 2405 3434; x_wconf 78' lang='lat' dir='ltr'>attingerentur,</span> 
     </span>
     <span class='ocr_line' id='line_1_32' title="bbox 320 3439 2426 3544; baseline 0.002 -29"><span class='ocrx_word' id='word_1_202' title='bbox 320 3509 329 3516; x_wconf 84' lang='grc'><strong><em>,</em></strong></span> <span class='ocrx_word' id='word_1_203' title='bbox 366 3479 371 3483; x_wconf 84' lang='grc'><em>·</em></span> <span class='ocrx_word' id='word_1_204' title='bbox 406 3441 767 3538; x_wconf 81' lang='lat' dir='ltr'>rerumque</span> <span class='ocrx_word' id='word_1_205' title='bbox 798 3453 1271 3522; x_wconf 76' lang='lat' dir='ltr'>universitatis</span> <span class='ocrx_word' id='word_1_206' title='bbox 1311 3450 1533 3544; x_wconf 73' lang='lat' dir='ltr'>yeluti</span> <span class='ocrx_word' id='word_1_207' title='bbox 1562 3462 1932 3538; x_wconf 88' lang='lat' dir='ltr'>protypum</span> <span class='ocrx_word' id='word_1_208' title='bbox 1968 3439 2172 3537; x_wconf 71' lang='lat' dir='ltr'>esset,</span> <span class='ocrx_word' id='word_1_209' title='bbox 2203 3458 2426 3534; x_wconf 45' lang='lat' dir='ltr'>aeros</span> 
     </span>
     <span class='ocr_line' id='line_1_33' title="bbox 306 3556 2412 3645; baseline 0.003 -25"><span class='ocrx_word' id='word_1_210' title='bbox 306 3561 313 3576; x_wconf 67' lang='lat'>⁸</span> <span class='ocrx_word' id='word_1_211' title='bbox 415 3560 576 3640; x_wconf 58' lang='lat' dir='ltr'>(mov</span> <span class='ocrx_word' id='word_1_212' title='bbox 609 3579 760 3624; x_wconf 89' lang='lat' dir='ltr'>eam</span> <span class='ocrx_word' id='word_1_213' title='bbox 794 3561 962 3624; x_wconf 84' lang='lat' dir='ltr'>dixit</span> <span class='ocrx_word' id='word_1_214' title='bbox 993 3556 1223 3639; x_wconf 81' lang='lat' dir='ltr'>Plato,</span> <span class='ocrx_word' id='word_1_215' title='bbox 1277 3559 1346 3621; x_wconf 85' lang='lat' dir='ltr'>id</span> <span class='ocrx_word' id='word_1_216' title='bbox 1378 3559 1560 3645; x_wconf 88' lang='lat' dir='ltr'>quod</span> <span class='ocrx_word' id='word_1_217' title='bbox 1618 3560 1785 3642; x_wconf 82' lang='lat' dir='ltr'>ipsis</span> <span class='ocrx_word' id='word_1_218' title='bbox 1805 3560 2196 3633; x_wconf 78' lang='lat' dir='ltr'>Aristotelis</span> <span class='ocrx_word' id='word_1_219' title='bbox 2247 3582 2412 3627; x_wconf 87' lang='lat' dir='ltr'>con·</span> 
     </span>
     <span class='ocr_line' id='line_1_34' title="bbox 268 3655 2434 3768; baseline 0.003 -37"><span class='ocrx_word' id='word_1_220' title='bbox 268 3655 273 3664; x_wconf 58' lang='grc'>’</span> <span class='ocrx_word' id='word_1_221' title='bbox 360 3659 747 3768; x_wconf 70' lang='lat' dir='ltr'>&#39;&#39;firmat&#39;ur</span> <span class='ocrx_word' id='word_1_222' title='bbox 812 3668 1066 3734; x_wconf 85' lang='lat' dir='ltr'>verbis.</span> <span class='ocrx_word' id='word_1_223' title='bbox 1199 3663 1404 3746; x_wconf 87' lang='lat' dir='ltr'>Quod</span> <span class='ocrx_word' id='word_1_224' title='bbox 1487 3667 1668 3729; x_wconf 88' lang='lat' dir='ltr'>enim</span> <span class='ocrx_word' id='word_1_225' title='bbox 1713 3668 1915 3734; x_wconf 84' lang='lat' dir='ltr'>dicit</span> <span class='ocrx_word' id='word_1_226' title='bbox 1990 3667 2434 3738; x_wconf 77' lang='lat' dir='ltr'>Aristoteles-</span> 
     </span>
     <span class='ocr_line' id='line_1_35' title="bbox 348 3759 2414 3865; baseline -0 -26"><span class='ocrx_word' id='word_1_227' title='bbox 348 3761 353 3766; x_wconf 25' lang='lat'><em>*</em></span> <span class='ocrx_word' id='word_1_228' title='bbox 414 3759 646 3859; x_wconf 73' lang='grc' dir='ltr'><strong>ὅμοίως</strong></span> <span class='ocrx_word' id='word_1_229' title='bbox 720 3769 945 3835; x_wconf 77' lang='grc' dir='ltr'><strong>δὲκαὶ</strong></span> <span class='ocrx_word' id='word_1_230' title='bbox 974 3773 1044 3839; x_wconf 74' lang='grc' dir='ltr'>ἐν</span> <span class='ocrx_word' id='word_1_231' title='bbox 1122 3781 1268 3848; x_wconf 76' lang='grc' dir='ltr'>τοῖς</span> <span class='ocrx_word' id='word_1_232' title='bbox 1319 3769 1471 3850; x_wconf 78' lang='grc' dir='ltr'><strong>περὶ</strong></span> <span class='ocrx_word' id='word_1_233' title='bbox 1554 3772 1992 3865; x_wconf 72' lang='grc' dir='ltr'><strong>φιλοσοφίας</strong></span> <span class='ocrx_word' id='word_1_234' title='bbox 2036 3774 2414 3862; x_wconf 66' lang='grc' dir='ltr'><strong>λεγομένοις</strong></span> 
     </span>
    </p>
   </div>
   <div class='ocr_carea' id='block_1_4' title="bbox 1391 3997 1399 4050">
    <p class='ocr_par' dir='ltr' id='par_1_4' title="bbox 1391 3997 1399 4050">
     <span class='ocr_line' id='line_1_36' title="bbox 1391 3997 1399 4050; baseline 0 0"><span class='ocrx_word' id='word_1_235' title='bbox 1391 3997 1399 4050; x_wconf 77' lang='lat' dir='ltr'>l</span> 
     </span>
    </p>
   </div>
  </div>
 </body>
</html>
